@article{
  tatti-gionis,
  author = "Tatti, Nikolaj and Gionis, Aristides",
  title = "Density-friendly graph decomposition",
  journal = "
    WWW '15
    Proceedings of
    the 24th International Conference on World Wide Web",
  year = 2015
}
@article{
  orlin,
  author = "Orlin, James B.",
  title = "Max flows in \({O}(nm)\) time, or better",
  journal = "
    STOC '13
    Proceedings of
    the 45th Annual ACM Symposium on Theory of Computing",
  year = 2013
}
@article{
  goldberg,
  author = "Goldberg, Andrew V.",
  title = "Finding a Maximum Density Subgraph",
  journal = "
    University of California at Berkeley
    Technical Report",
  year = 1984
}
@article{
  tsourakakis,
  author = "Tsourakakis, Charalampos E.",
  title = "The K-clique Densest Subgraph Problem",
  journal = "
    WWW '15
    Proceedings of
    the 24th International Conference on World Wide Web",
  year = 2015
}
@article{
  iwata-fleischer-fujishige,
  author = "Iwata, Satoru and Fleischer, Lisa and Fujishige, Satoru",
  title = "
    A Combinatorial Strongly Polynomial Algorithm for
    Minimizing Submodular Functions",
  journal = "Journal of the ACM",
  year = 2001
}
